<?xml version="1.0" encoding="UTF-8"?><collection xmlns="http://www.loc.gov/MARC21/slim"><record><leader>00439nam--2200121-i-4500</leader><controlfield tag="001">000020098</controlfield><controlfield tag="002">20161230</controlfield><controlfield tag="005">20161230201033</controlfield><controlfield tag="008">060222s1000------------r-----000-0-eng-d</controlfield><datafield ind1=" " ind2=" " tag="080"><subfield code="a">621.375.826:533.9.07(043)</subfield></datafield><datafield ind1=" " ind2=" " tag="100"><subfield code="a">Fabbro, Remy</subfield></datafield><datafield ind1=" " ind2=" " tag="245"><subfield code="a">Etude de l`influence de la longuer d`onde laser sur les processus de conduction thermique et d`ablation dans les plasmas cree par laser.these</subfield></datafield><datafield ind1=" " ind2=" " tag="260"><subfield code="a">Orsay, Universite De Paris-sud, 1982.  236 P</subfield></datafield></record></collection>